<?xml version="1.0" encoding="UTF-8"?><record xmlns="http://www.loc.gov/MARC21/slim" xmlns:cinclude="http://apache.org/cocoon/include/1.0" xmlns:zs="http://www.loc.gov/zing/srw/">
  <leader>00820cz  a2200229n  4500</leader>
  <controlfield tag="001">n  98019431 </controlfield>
  <controlfield tag="003">DLC</controlfield>
  <controlfield tag="005">19980401141859.0</controlfield>
  <controlfield tag="008">980302n| acaaaaaa|          |a ana |||  </controlfield>
  <datafield tag="010" ind1=" " ind2=" ">
    <subfield code="a">n  98019431 </subfield>
  </datafield>
  <datafield tag="040" ind1=" " ind2=" ">
    <subfield code="a">DLC</subfield>
    <subfield code="c">DLC</subfield>
    <subfield code="d">DLC</subfield>
  </datafield>
  <datafield tag="130" ind1=" " ind2="0">
    <subfield code="a">Sidrat Ḥovrot yeme ʻiyun</subfield>
  </datafield>
  <datafield tag="430" ind1=" " ind2="0">
    <subfield code="a">Ḥovrot yeme ʻiyun</subfield>
  </datafield>
  <datafield tag="410" ind1="2" ind2="0">
    <subfield code="a">Merkaz le-toldot koaḥ ha-magen "Haganah" ʻa. sh. Yiśraʼel Gelili (Israel)</subfield>
    <subfield code="t">Sidrat Ḥovrot yeme ʻiyun</subfield>
  </datafield>
  <datafield tag="530" ind1=" " ind2="0">
    <subfield code="w">a</subfield>
    <subfield code="a">Yom-ʻiyun</subfield>
  </datafield>
  <datafield tag="642" ind1=" " ind2=" ">
    <subfield code="a">ḥov. 6</subfield>
    <subfield code="5">DLC</subfield>
  </datafield>
  <datafield tag="643" ind1=" " ind2=" ">
    <subfield code="a">Ramat Efʻal</subfield>
    <subfield code="b">ha-Merkaz le-toldot koaḥ ha-magen--ha-"Haganah"</subfield>
  </datafield>
  <datafield tag="644" ind1=" " ind2=" ">
    <subfield code="a">f</subfield>
    <subfield code="5">DLC</subfield>
  </datafield>
  <datafield tag="645" ind1=" " ind2=" ">
    <subfield code="a">t</subfield>
    <subfield code="5">DLC</subfield>
  </datafield>
  <datafield tag="646" ind1=" " ind2=" ">
    <subfield code="a">s</subfield>
    <subfield code="5">DLC</subfield>
  </datafield>
  <datafield tag="670" ind1=" " ind2=" ">
    <subfield code="a">ha-Hityashvut be-Milḥemet ha-ʻAtsmaʼut, 1988:</subfield>
    <subfield code="b">t.p. verso (Sidrat Ḥovrot yeme ʻiyun)</subfield>
  </datafield>
  <datafield tag="675" ind1=" " ind2=" ">
    <subfield code="a">ha-Haganah ṿeha-hitnadvut la-Tsava ha-Briṭi, 1987: t.p. (Yom-ʻiyun)</subfield>
  </datafield>
</record>